@Online{cp,
  author = {{Cyclotomic polynomial}},
  title = "Cyclotomic polynomial --- {W}ikipedia{,} The Free Encyclopedia",
  year = "2025",
  url = "https://en.wikipedia.org/wiki/Cyclotomic_polynomial",
  note = "[Online; accessed 2025-04-24]"
}